@article{turing-machines,
  author  = {Alan Mathison Turing},
  title   = {On computable numbers, with an application to the Entscheidungsproblem},
  journal = {Proceedings of the London Mathematical Society},
  year    = 1937,
  series  = 2,
  volume  = 42
}

@book{janlert2000,
  title     = {Datatyper och algoritmer},
  author    = {Janlert, L.E. and Wiberg, T.},
  isbn      = 9789144303017,
  year      = 2000,
  publisher = {Studentlitteratur}
}

@book{sipser2012,
  title     = {Introduction to the Theory of Computation},
  author    = {Michael Sipser},
  isbn      = 9781133187790,
  year      = 2012,
  publisher = {Cengage Learning},
  address   = {Boston, USA}
}



@Manual{rlanguage,
    title        = {R: A Language and Environment for Statistical Computing},
    author       = {{R Core Team}},
    organization = {R Foundation for Statistical Computing},
    address      = {Vienna, Austria},
    year         = {2015},
    url          = {https://www.R-project.org/},
}


@misc{lookup,
  key          = {lookup},
  title        = {{Stack Overflow}, convert character into arithmetic operator without using switch case},
  year         = 2014,
  howpublished = {\url{http://stackoverflow.com/a/22114821}},
  note         = {accessed: 2016-03-27}
}

@misc{debShlibs,
  key          = {debShlibs},
  title        = {{Debian Policy Manual}, Shared libraries},
  year         = 2017,
  howpublished = {\url{https://www.debian.org/doc/debian-policy/ch-sharedlibs.html}},
  note         = {accessed: 2017-08-17}
}

@misc{controlfiles,
  key          = {controlfiles},
  title        = {{Debian Policy Manual}, Control files and their fields},
  year         = 2017,
  howpublished = {\url{https://www.debian.org/doc/debian-policy/ch-controlfields.html}},
  note         = {accessed: 2017-08-17}
}

@misc{tldpShlibs,
  key          = {tldpShlibs},
  title        = {{The Linux Documentation Project}, Shared libraries},
  year         = 2017,
  howpublished = {\url{https://tldp.org/HOWTO/Program-Library-HOWTO/shared-libraries.html}},
  note         = {accessed: 2017-08-17}
}
